@ARTICLE{dec15,
author={Dethlefs, N. and Cuay√°huitl, H.},
title={Hierarchical reinforcement learning for situated natural language generation},
journal={Natural Language Engineering},
year={2015},
volume={21},
number={3},
pages={391-435},
doi={10.1017/S1351324913000375},
note={cited By 5},
url={https://www.scopus.com/inward/record.uri?eid=2-s2.0-84930152603&doi=10.1017%2fS1351324913000375&partnerID=40&md5=038aed145428f0426dbecb4e5496b2d0},
document_type={Article},
source={Scopus},
}
@article{khs07,
author={Khan,Shahzad},
year={2008},
month={01},
title={Ethem Alpaydin. Introduction to Machine Learning},
journal={Natural Language Engineering},
volume={14},
number={1},
pages={133-137},
note={Copyright - 2007 Cambridge University Press; Last updated - 2015-05-30},
keywords={Computers--Computer Programming},
isbn={13513249},
language={English},
url={https://search.proquest.com/docview/216641061?accountid=11365},
}
@article{bes08,
author={Bengio,Y. and Senecal,J. S.},
year={2008},
month={04},
title={Adaptive importance sampling to accelerate training of a neural probabilistic language model},
journal={IEEE Transactions on Neural Networks},
volume={19},
number={4},
pages={713-722},
isbn={1045-9227, 1045-9227},
language={English},
url={https://search.proquest.com/docview/70475557?accountid=11365},
}
@CONFERENCE{lep98,
author={Levin, E. and Pieraccini, R. and Eckert, W.},
title={Using Markov decision process for learning dialogue strategies},
booktitle={ICASSP, IEEE International Conference on Acoustics, Speech and Signal Processing - Proceedings},
year={1998},
volume={1},
pages={201-204},
doi={10.1109/ICASSP.1998.674402},
art_number={674402},
note={cited By 59},
url={https://www.scopus.com/inward/record.uri?eid=2-s2.0-0031624616&doi=10.1109%2fICASSP.1998.674402&partnerID=40&md5=408ed492e2482618b3899ec91ccd8799},
document_type={Conference Paper},
source={Scopus},
}
@article{arm11,
  title={Ludwig Wittgenstein and Language Games (A Literary Application)},
  author={Arsith, Mirela},
  journal={Acta Universitatis Danubius. Communicatio},
  volume={5},
  number={2},
  year={2011}
}
@techreport{ber57,
  title={A Markovian decision process},
  author={Bellman, Richard},
  year={1957},
  institution={DTIC Document}
}
@article{bes08,
  title={Adaptive importance sampling to accelerate training of a neural probabilistic language model},
  author={Bengio, Yoshua and Sen{\'e}cal, Jean-S{\'e}bastien},
  journal={IEEE Transactions on Neural Networks},
  volume={19},
  number={4},
  pages={713--722},
  year={2008},
  publisher={IEEE}
}
@article{let12,
  title={Reinforcement learning in young adults with developmental language impairment},
  author={Lee, Joanna C and Tomblin, J Bruce},
  journal={Brain and language},
  volume={123},
  number={3},
  pages={154--163},
  year={2012},
  publisher={Elsevier}
}
@article{lim15,
  title={Reinforcement learning improves behaviour from evaluative feedback},
  author={Littman, Michael L},
  journal={Nature},
  volume={521},
  number={7553},
  pages={445--451},
  year={2015},
  publisher={Nature Research}
}
@article{mam15,
  title={Alignment in vision-based syntactic language games for teams of robots using stochastic regular grammars and reinforcement learning: The fully autonomous case and the human supervised case},
  author={Maravall, Dar{\'\i}o and Mingo, Jack Mario and De Lope, Javier},
  journal={Robotics and Autonomous Systems},
  volume={63},
  pages={180--186},
  year={2015},
  publisher={Elsevier}
}
@article{mia16,
  title={A competence-performance based model to develop a syntactic language for artificial agents},
  author={Mingo, Jack Mario and Aler, Ricardo},
  journal={Information Sciences},
  volume={373},
  pages={79--94},
  year={2016},
  publisher={Elsevier}
}
@book{ril11,
  title={Reinforcement learning for adaptive dialogue systems: a data-driven methodology for dialogue management and natural language generation},
  author={Rieser, Verena and Lemon, Oliver},
  year={2011},
  publisher={Springer Science \& Business Media}
}
@article{scw06,
  title={A survey of statistical user simulation techniques for reinforcement-learning of dialogue management strategies},
  author={Schatzmann, Jost and Weilhammer, Karl and Stuttle, Matt and Young, Steve},
  journal={The knowledge engineering review},
  volume={21},
  number={2},
  pages={97--126},
  year={2006},
  publisher={Cambridge University Press}
}
@book{sub98,
  title={Reinforcement learning: An introduction},
  author={Sutton, Richard S and Barto, Andrew G},
  volume={1},
  year={1998},
  publisher={MIT press Cambridge}
}
